@article{LonguetHiggins1981ACA,
  author  = {H. Longuet-Higgins},
  title   = {A computer algorithm for reconstructing a scene from two projections},
  journal = {Nature},
  year    = {1981},
  volume  = {293}
}

@article{RomeDay,
  author  = {Agarwal, A. et al.},
  journal = {2009 IEEE 12th International Conference on Computer Vision},
  title   = {Building Rome in a day},
  year    = {2009},
  doi     = {10.1109/ICCV.2009.5459148}
}

@book{Hartley:MVG,
  author    = {Hartley R., Zisserman A.},
  isbn      = {0521540518},
  publisher = {Cambridge University Press},
  title     = {Multiple View Geometry in Computer Vision},
  year      = {2003}
}
 
@misc{Harris88alvey.Ha,
  author = {Harris C., Stephens M.},
  title  = {A Combined Corner and Edge Detector},
  year   = {1988}
}

@misc{cvmatlab,
  author    = {Elsayed A., Yousef W.},
  year      = {2019},
  title     = {Matlab vs. OpenCV: A Comparative Study of Different Machine Learning Algorithms},
  doi       = {10.48550/ARXIV.1905.01213},
  url       = {https://arxiv.org/abs/1905.01213},
  publisher = {arXiv}
}


@article{SIFT,
  author  = {Lowe, D.},
  journal = {The proceedings of the seventh IEEE international conference on Computer Vision},
  title   = {Object recognition from local scale-invariant features},
  volume  = {2},
  year    = {1999}
}

@article{SURF,
  author  = {Bay H. et al.},
  journal = {Computer Vision-ECCV},
  title   = {{SURF: Speeded up robust features}},
  volume  = {2},
  year    = {2006}
}

@article{BRIEF,
  author    = {Calonder M. et al.},
  journal   = {Computer Vision-ECCV},
  publisher = {Springer Berlin Heidelberg},
  title     = {Brief: Binary robust independent elementary features},
  year      = {2010}
}

@article{ORB,
  author  = {Rublee E. et al.},
  journal = {IEEE International Conference on. IEEE Computer Vision (ICCV)},
  title   = {ORB: an efficient alternative to SIFT or SURF.},
  year    = {2011}
}

@article{BRISK,
  author  = {Leutenegger S., et. al.},
  journal = {IEEE International Conference on. IEEE Computer Vision (ICCV)},
  title   = {BRISK: Binary robust invariant scalable keypoints},
  year    = {2011}
}

@article{FAST,
  author    = {Rosten E. et al.},
  title     = {Faster and Better: A Machine Learning Approach to Corner Detection},
  publisher = {Institute of Electrical and Electronics Engineers ({IEEE})},
  journal   = {Transactions on Pattern Analysis and Machine Intelligence},
  doi       = {10.1109/tpami.2008.275},
  volume    = {32},
  year      = 2010,
  url       = {https://doi.org/10.1109%2Ftpami.2008.275}
}

@article{Rosin1999MeasuringCP,
  title   = {Measuring Corner Properties},
  author  = {P. Rosin},
  journal = {Comput. Vis. Image Underst.},
  year    = {1999},
  volume  = {73}
}

@book{stereoSchreer,
  author    = {O. Schreer},
  publisher = {Spinger Verlag Berlin Heidelberg},
  title     = {Stereoanalyse und Bildsynthese},
  year      = {2005}
}

@book{binDesc,
  author    = {Heinly J., Frahm J.-M.},
  publisher = {University of North Carolina},
  title     = {Comparative Evaluation of Binary Features},
  year      = {2012}
}

@article{Lowe04distinctiveimage,
  author  = {D. Lowe},
  title   = {Distinctive Image Features from Scale-Invariant Keypoints},
  journal = {International Journal of Computer Vision},
  year    = {2004},
  volume  = {60}
}

@misc{labbe,
  author = {Labb√© M., Michaud F.},
  year   = {2018},
  title  = {{RTAB-Map as an open-source lidar and visual simultaneous localization and mapping library for large-scale and long-term online operation}},
  doi    = {10.1002/rob.21831}
}

@article{Mouats.PerfD,
  author  = {Mouats T. et al.},
  journal = {Journal of Intelligent and Robotic Systems},
  number  = {},
  title   = {Performance Evaluation of Feature Detectors and Descriptors Beyond
             the Visible},
  volume  = {92},
  year    = {2018}
}

@article{Hirsch.SGBM,
  author  = {H. Hirschmuller},
  journal = {Transactions on Pattern Analysis and Machine Intelligence, IEEE},
  title   = {Stereo processing by semiglobal matching and mutual information},
  volume  = {30},
  year    = {2008}
}

@article{ScFrVO,
  author  = {Scaramuzza D., Fraundorfer F.},
  year    = {2011},
  title   = {Visual Odometry [Tutorial]},
  volume  = {18},
  journal = {IEEE Robot. Automat. Mag.},
  doi     = {10.1109/MRA.2011.943233}
}

@misc{cvdocMatch,
  author       = {OpenCV Documentation},
  title        = {Feature Matching - Basics of Brute Force Matcher},
  howpublished = {\url{https://opencv24-python-tutorials.readthedocs.io/en/latest/py_tutorials/py_feature2d/py_matcher/py_matcher.html} (accessed: 18.03.2022)},
  addendum     = {(accessed: 18.03.2022)}
}

@misc{realsense,
  author       = {Intel},
  title        = {Intel RealSenseTM Product Family D400 Series Datasheet},
  journal      = {Intel Real Sense Technology},
  howpublished = {\url{https://www.intelrealsense.com/wp-content/uploads/2020/06/Intel-RealSense-D400-Series-Datasheet-June-2020.pdf} (accessed: 24.04.2022)}
}

@inproceedings{Dosovitskiy17,
  title     = { {CARLA}: {An} Open Urban Driving Simulator},
  author    = {Dosovitskiy, A. et al.},
  booktitle = {Proceedings of the 1st Annual Conference on Robot Learning},
  year      = {2017}
}

@inproceedings{yang2018dvso,
  author    = {Yang N. et al.},
  title     = {Deep Virtual Stereo Odometry: Leveraging Deep Depth Prediction for Monocular Direct Sparse Odometry},
  booktitle = {European Conference on Computer Vision (ECCV)},
  year      = {2018},
  month     = {September},
  award     = {Oral Presentation},
  keywords  = {dso, dvso, deep learning, monocular depth estimation, semi-supervised learning, slam, visual odometry, vslam}
}

@misc{cvdocFAST,
  title        = {FAST Algorithm for Corner Detection},
  author       = {OpenCV Documenation},
  howpublished = {\url{https://docs.opencv.org/4.x/df/d0c/tutorial_py_fast.html} (accessed: 08.05.2022)},
  addendum     = {(accessed: 08.05.2022)}
}

@misc{cvdocgftt,
  title        = {Shi-Tomasi Corner Detector Good Features to Track},
  author       = {OpenCV Documenation},
  howpublished = {\url{https://opencv24-python-tutorials.readthedocs.io/en/latest/py_tutorials/py_feature2d/py_shi_tomasi/py_shi_tomasi.html} (accessed: 08.05.2022)},
  addendum     = {(accessed: 08.05.2022)}
}

@misc{Merolini.IMG,
  author       = {S. Merolini},
  title        = {Active Pixel Sensor Vs CCD. Who is the clear winner?},
  howpublished = {\url{https://meroli.web.cern.ch/lecture_cmos_vs_ccd_pixel_sensor.html} (accessed: 02.05.2022)},
  addendum     = {(accessed: 02.05.2022)}
}

@misc{Wikimedia,
  title        = {Wikimedia Commons},
  author       = {Gargan},
  howpublished = {\url{https://commons.wikimedia.org/wiki/File:Aps_pd_pixel_schematic.svg} (accessed: 02.05.2022)},
  addendum     = {(accessed: 02.05.2022)}
}

@misc{stemmer,
  title        = {Structured lighting},
  author       = {Stemmer Knowledge Base},
  howpublished = {\url{https://www.stemmer-imaging.com/en/knowledge-base/structured-lighting/} (accessed: 02.05.2022)},
  addendum     = {(accessed: 02.05.2022)}
}

@inproceedings{mulVO_2019,
  author    = {Liu P. et al.},
  booktitle = {2018 IEEE/RSJ International Conference on Intelligent Robots and Systems (IROS)},
  title     = {Towards Robust Visual Odometry with a Multi-Camera System},
  year      = {2018},
  doi       = {10.1109/IROS.2018.8593561}
}

@inproceedings{Mhiri_2014,
  author    = {Mhiri R. et al.},
  booktitle = {2014 IEEE Intelligent Vehicles Symposium Proceedings},
  title     = {Visual odometry with unsynchronized multi-cameras setup for intelligent vehicle application},
  year      = {2014},
  doi       = {10.1109/IVS.2014.6856533}
}

@misc{rgbd,
  title        = {Vzense DCAM710 TOF RGBD Long Range Depth Camera Module},
  author       = {Eckstein},
  howpublished = {\url{https://eckstein-shop.de/Vzense-DCAM710-TOF-RGBD-Long-Range-Depth-Camera-Module-EN} (accessed: 01.05.2022)},
  addendum     = {(accessed: 01.05.2022)}
}

@inproceedings{errorEst,
  author    = {Zhang Z., Scaramuzza D.},
  booktitle = {2018 IEEE/RSJ International Conference on Intelligent Robots and Systems (IROS)},
  title     = {A Tutorial on Quantitative Trajectory Evaluation for Visual(-Inertial) Odometry},
  year      = {2018},
  doi       = {10.1109/IROS.2018.8593941}
}

@misc{zhangSLAM,
  url       = {https://arxiv.org/abs/1906.03996},
  author    = {Zhang Z., Scaramuzza D.},
  keywords  = {Robotics (cs.RO), FOS: Computer and information sciences, FOS: Computer and information sciences},
  title     = {Rethinking Trajectory Evaluation for SLAM: a Probabilistic, Continuous-Time Approach},
  publisher = {arXiv},
  year      = {2019}
}

@article{Umeyama1991LeastSquaresEO,
  title   = {Least-Squares Estimation of Transformation Parameters Between Two Point Patterns},
  author  = {S. Umeyama},
  journal = {IEEE Trans. Pattern Anal. Mach. Intell.},
  year    = {1991},
  volume  = {13}
}

@misc{locFox,
  author       = {D. Fox},
  publisher    = {Carnegie Mellon University},
  howpublished = {\url{https://www.cs.cmu.edu/afs/cs/project/jair/pub/volume11/fox99a-html/node1.html} (accessed: 16.01.2022)},
  title        = {Introduction},
  year         = {1999},
  addendum     = {(accessed: 16.01.2022)}
}