@article{LonguetHiggins1981ACA,
  title   = {A computer algorithm for reconstructing a scene from two projections},
  author  = {Hugh Christopher Longuet-Higgins},
  journal = {Nature},
  year    = {1981},
  volume  = {293},
  pages   = {133-135}
}

@article{RomeDay,
  author  = {Agarwal et al},
  journal = {2009 IEEE 12th International Conference on Computer Vision},
  title   = {Building Rome in a day},
  year    = {2009},
  pages   = {72-79},
  doi     = {10.1109/ICCV.2009.5459148}
}

@book{Hartley:MVG,
  author    = {Hartley, Richard and Zisserman, Andrew},
  isbn      = {0521540518},
  publisher = {Cambridge University Press},
  title     = {Multiple View Geometry in Computer Vision},
  year      = {2003}
}
 
@misc{Harris88alvey.Ha,
  author = {Harris, C. and Stephens, M.},
  title  = {{A Combined Corner and Edge Detector}},
  year   = {1988}
}

@misc{cvmatlab,
  doi       = {10.48550/ARXIV.1905.01213},
  url       = {https://arxiv.org/abs/1905.01213},
  author    = {Elsayed, Ahmed A. and Yousef, Waleed A.},
  title     = {Matlab vs. OpenCV: A Comparative Study of Different Machine Learning Algorithms},
  publisher = {arXiv},
  year      = {2019},
  copyright = {arXiv.org perpetual, non-exclusive license}
}

@article{SIFT,
  author  = {Lowe, David G.},
  journal = {The proceedings of the seventh IEEE international conference on Computer Vision},
  title   = {Object recognition from local scale-invariant features},
  volume  = {2},
  year    = {1999}
}

@article{SURF,
  author    = {Bay, Herbert, Tinne Tuytelaars, and Luc Van Gool},
  journal   = {Computer Vision-ECCV},
  publisher = {Springer Berlin Heidelberg},
  title     = {Surf: Speeded up robust features},
  year      = {2006}
}

@article{BRIEF,
  author    = {Calonder, Michael, et al.},
  journal   = {Computer Vision-ECCV},
  publisher = {Springer Berlin Heidelberg},
  title     = {Brief: Binary robust independent elementary features},
  year      = {2010}
}

@article{ORB,
  author  = {Rublee, Ethan, et al.},
  journal = {IEEE International Conference on. IEEE Computer Vision (ICCV)},
  title   = {ORB: an efficient alternative to SIFT or SURF.},
  year    = {2011}
}

@article{BRISK,
  author  = {Leutenegger, Stefan, Margarita Chli, and Roland Y. Siegwart},
  journal = {IEEE International Conference on. IEEE Computer Vision (ICCV)},
  title   = {BRISK: Binary robust invariant scalable keypoints},
  year    = {2011}
}

@article{Rosin1999MeasuringCP,
  title   = {Measuring Corner Properties},
  author  = {Paul L. Rosin},
  journal = {Comput. Vis. Image Underst.},
  year    = {1999},
  volume  = {73},
  pages   = {291-307}
}

@book{stereoSchreer,
  author    = {Dr Oliver Scheer},
  publisher = {Spinger Verlag Berlin Heidelberg},
  title     = {Stereoanalyse und Bildsynthese},
  year      = {2005}
}

@misc{binDesc,
  author    = {Jared Heinly, Enrique Dunn, and Jan-Michael Frahm},
  publisher = {The University of North Carolina at Chapel Hill},
  title     = {Comparative Evaluation of Binary Features},
  year      = {2012}
}

@article{Lowe04distinctiveimage,
  author  = {David G. Lowe},
  title   = {Distinctive Image Features from Scale-Invariant Keypoints},
  journal = {International Journal of Computer Vision},
  year    = {2004},
  volume  = {60},
  pages   = {91-110}
}

%%%%

@misc{labbe,
  author = {Mathieu Labbé, François Michaud},
  year   = {2018},
  title  = {{RTAB-Map as an open-source lidar and visual simultaneous localization and mapping library for large-scale and long-term online operation}},
  doi    = {10.1002/rob.21831}
}

@article{Mouats.PerfD,
  author  = {Mouats et al},
  journal = {Journal of Intelligent and Robotic Systems (2018)},
  number  = {},
  title   = {Performance Evaluation of Feature Detectors and Descriptors Beyond
             the Visible},
  volume  = {92},
  year    = {2018}
}

@article{SV3D,
  author = {Al-Azawi, Muhyi and Al-Rawy, Dhafer and Al-Jobory, Saba and Prof, Asst and Student, M and Zaghar, Dhafer},
  year   = {2019},
  month  = {03},
  title  = {Stereo Vision for 3D Measurement in Robot Systems}
}

@book{Hansard,
  author    = {Miles Hansard, Seungkyu Lee, Ouk Choi, Radu Horaud},
  title     = {Time of Flight Cameras: Principles, Methods, and Applications},
  publisher = {Springer},
  pages     = {pp.95},
  year      = {2012},
  isbn      = {978-1-4471-4658-2},
  doi       = {10.1007/978-1-4471-4658-2}
}

@article{Hirsch.SGBM,
  author  = {Heiko Hirschmuller},
  journal = {Transactions on Pattern Analysis and Machine Intelligence, IEEE},
  title   = {Stereo processing by semiglobal matching and mutual information},
  volume  = {30},
  year    = {2008}
}

@book{Hartley2003,
  added-at    = {2012-09-23T11:04:02.000+0200},
  address     = {New York, NY, USA},
  author      = {Hartley, Richard and Zisserman, Andrew},
  biburl      = {https://www.bibsonomy.org/bibtex/24867b22ef159cc28fc1bbe1476a0ec57/daill},
  description = {Multiple View Geometry in Computer Vision}
}

@article{Qian.pnp,
  author  = {Long Quan, Zhong-Dan Lan},
  journal = {IEEE Transactions on Pattern Analysis and Machine Intelligence},
  number  = {8},
  title   = {Linear N-Point Camera Pose Determination},
  volume  = {21},
  year    = {1999}
}

@article{ScFrVO,
  author  = {Scaramuzza, Davide and Fraundorfer, Friedrich},
  year    = {2011},
  pages   = {80-92},
  title   = {Visual Odometry [Tutorial]},
  volume  = {18},
  journal = {IEEE Robot. Automat. Mag.},
  doi     = {10.1109/MRA.2011.943233}
}

@book{BurgeR,
  author    = {Burger, Wilhelm AND Burge, Mark James},
  titel     = {Digitale Bildverarbeitung},
  year      = {2015},
  publisher = {Springer}
}

@misc{CamInfoROS2,
  author   = {Jacob Perron, Dirk Thomas},
  title    = {ros2/common_interfaces Sourcecode},
  url      = {https://github.com/ros2/common_interfaces/blob/master/sensor_msgs/msg/CameraInfo.msg},
  addendum = {(accessed: 17.02.2022)}
}

@misc{cvdocMatch,
  author   = {OpenCV Documentation},
  title    = {Feature Matching - Basics of Brute Force Matcher},
  url      = {https://opencv24-python-tutorials.readthedocs.io/en/latest/py_tutorials/py_feature2d/py_matcher/py_matcher.html},
  addendum = {(accessed: 18.03.2022)}
}

@misc{Alhwarin,
  author    = {Faraj Alhwarin, Alexander Ferrein, Ingrid Scholl1},
  title     = {IR Stereo Kinect: Improving Depth Images by Combining Structured Light with IR Stereo},
  journal   = {Conference Paper},
  year      = {2014},
  doi       = {10.1007/978-3-319-13560-1_33},
  publisher = {FH Aachen University of Applied Science}
}

@misc{realsense,
  author  = {Intel},
  title   = {Intel® RealSenseTM Product Family D400 Series Datasheet},
  journal = {Intel Real Sense Technology},
  url     = {https://www.intelrealsense.com/wp-content/uploads/2020/06/Intel-RealSense-D400-Series-Datasheet-June-2020.pdf}
}

@inproceedings{Dosovitskiy17,
  title     = { {CARLA}: {An} Open Urban Driving Simulator},
  author    = {Alexey Dosovitskiy and German Ros and Felipe Codevilla and Antonio Lopez and Vladlen Koltun},
  booktitle = {Proceedings of the 1st Annual Conference on Robot Learning},
  pages     = {1--16},
  year      = {2017}
}

@inproceedings{yang2018dvso,
  author    = {N. Yang and R. Wang and J. Stueckler and D. Cremers},
  title     = {Deep Virtual Stereo Odometry: Leveraging Deep Depth Prediction for Monocular Direct Sparse Odometry},
  booktitle = {European Conference on Computer Vision (ECCV)},
  year      = {2018},
  month     = {September},
  award     = {Oral Presentation},
  keywords  = {dso, dvso, deep learning, monocular depth estimation, semi-supervised learning, slam, visual odometry, vslam}
}

@misc{cvdocFAST,
  title    = {FAST Algorithm for Corner Detection},
  url      = {https://docs.opencv.org/4.x/df/d0c/tutorial_py_fast.html},
  addendum = {(accessed: 08.05.2022}
}

%%%%%%%%%%% Images
%%%%%%%%%%%%%%%%%%%%%%%%%%%%%%%%%%%%%%%%%%%%%%%%%%%%%%%%%%%%%%%%%%%%%%%%%%%%%%%%%%%%%
@misc{Merolini.IMG,
  author   = {Stafano Merolini},
  title    = {Active Pixel Sensor Vs CCD. Who is the clear winner?},
  url      = {https://meroli.web.cern.ch/lecture_cmos_vs_ccd_pixel_sensor.html},
  addendum = {(accessed: 02.05.2022}
}

@misc{Wikimedia,
  title    = {Wikimedia Commons},
  author   = {Gargan},
  url      = {https://commons.wikimedia.org/wiki/File:Aps_pd_pixel_schematic.svg},
  addendum = {(accessed: 02.05.2022)}
}

@misc{stemmer,
  title    = {Structured lighting},
  author   = {Stemmer Knowledge Base},
  url      = {https://www.stemmer-imaging.com/en/knowledge-base/structured-lighting/},
  addendum = {(accessed: 02.05.2022)}
}